@article{blp_1995,
	Author = {Berry, Steven and Levinsohn, James and Pakes, Ariel},
	Date-Added = {2021-3-3 3:04:00 +0000},
	Date-Modified = {2021-3-3 3:04:00 +0000},
	Journal = {Econometrica},
	Number = {4},
	Pages = {841--890},
	Title = {Automobile prices in market equilibrium},
	Volume = {63},
	Year = {1995}}