@article{hendel2013intertemporal,
  title={Intertemporal price discrimination in storable goods markets},
  author={Hendel, Igal and Nevo, Aviv},
  journal={American Economic Review},
  volume={103},
  number={7},
  pages={2722--51},
  year={2013}
}

@techreport{hitsch2019prices,
  title={Prices and promotions in us retail markets: Evidence from big data},
  author={Hitsch, G{\"u}nter J and Hortacsu, Ali and Lin, Xiliang},
  year={(forthcoming)},
  journal={Quantitative Marketing and Economics}
}

@article{kaplan2015morphology,
  title={The morphology of price dispersion},
  author={Kaplan, Greg and Menzio, Guido},
  journal={International Economic Review},
  volume={56},
  number={4},
  pages={1165--1206},
  year={2015},
  publisher={Wiley Online Library}
}

@article{dellavigna2019uniform,
  title={Uniform pricing in us retail chains},
  author={DellaVigna, Stefano and Gentzkow, Matthew},
  journal={The Quarterly Journal of Economics},
  volume={134},
  number={4},
  pages={2011--2084},
  year={2019},
  publisher={Oxford University Press}
}

@article{li2013price,
  title={Price dispersion and loss-leader pricing: Evidence from the online book industry},
  author={Li, Xinxin and Gu, Bin and Liu, Hongju},
  journal={Management Science},
  volume={59},
  number={6},
  pages={1290--1308},
  year={2013},
  publisher={INFORMS}
}