@book{chambers1998programming,
  title={Programming with data: A guide to the S language},
  author={Chambers, John M},
  year={1998},
  publisher={Springer Science \& Business Media}
}

@book{wickham2019advanced,
  title={Advanced r},
  author={Wickham, Hadley},
  year={2019},
  publisher={CRC press}
}

@article{team2000r,
  title={R language definition},
  author={Team, R Core},
  journal={Vienna, Austria: R foundation for statistical computing},
  year={2000}
}